@article{approaches,
title = "Term-weighting approaches in automatic text retrieval",
journal = {Information Processing \& Management},
volume = "24",
number = "5",
pages = "513--523",
year = "1988",
note = "",
issn = "0306-4573",
doi = "10.1016/0306-4573(88)90021-0",
url = "http://dspace.library.cornell.edu/bitstream/1813/6721/2/87-881.ps",
author = "Gerard Salton and Christopher Buckley",
publisher = {Cornell University},
 address = {Ithaca, NY, USA},
}

@book{introduction,
 author = {Sa\-lton, Gerard and Mc\-Gill, Michael J.},
 title = {Introduction to Modern Information Retrieval},
 year = {1983},
 isbn = {0070544840},
 publisher = {McGraw-Hill, Inc.},
 address = {New York, NY, USA},
   series={McGraw-Hill computer science series},
} 

@article{understanding,
    author = {Stephen Robertson},
    title = {Understanding inverse document frequency: On theoretical arguments for IDF},
    journal = {Journal of Documentation},
    issn = {0022-0418},
    year = {2004},
    pages = {503--520},
    volume = {60},
    publisher = {Emerald Group Publishing Limited},
     address = {Bradford, West Yorkshire, England},
     url = "http://citeseerx.ist.psu.edu/viewdoc/download?doi=10.1.1.97.7340&type=pdf&rep=rep1",
}

@misc{ wikitfidf,
   author = "Wikipedia",
   title = "Tfâ€“idf --- Wikipedia{,} The Free Encyclopedia",
   year = "2011",
   url = "http://en.wikipedia.org/w/index.php?title=Tf%E2%80%93idf&oldid=419643129",
   note = "[Online; accessed 5-April-2011]"
 }

@misc{ algorithmnaivebayes,
   author="Ken Williams",
   title="Dokumentace k AI::Categorizer",
   year="2000--2003",
   url="http://search.cpan.org/~kwilliams/AI-Categorizer-0.09/lib/AI/Categorizer.pm"

}

@article{machine_intro,
 author = {Sebastiani, Fabrizio},
 title = {Machine learning in automated text categorization},
 journal = {ACM Comput. Surv.},
 volume = {34},
 issue = {1},
 month = {March},
 year = {2002},
 issn = {0360-0300},
 pages = {1--47},
 numpages = {47},
 url = {http://arxiv.org/pdf/cs.ir/0110053},
 acmid = {505283},
 publisher = {ACM},
 address = {New York, NY, USA},
 keywords = {Machine learning, text categorization, text classification},
}

@inproceedings{eliminating,
 author = {Yi, Lan and Liu, Bing and Li, Xiaoli},
 title = {Eliminating noisy information in Web pages for data mining},
 booktitle = {Proceedings of the ninth ACM SIGKDD international conference on Knowledge discovery and data mining},
 series = {KDD '03},
 year = {2003},
 isbn = {1-58113-737-0},
 location = {Washington, D.C.},
 pages = {296--305},
 numpages = {10},
 url = {http://citeseerx.ist.psu.edu/viewdoc/download?doi=10.1.1.4.4087&rep=rep1&type=pdf},
 acmid = {956785},
 publisher = {ACM},
 address = {New York, NY, USA},
 keywords = {Web mining, noise detection, noise elimination},
}

@inproceedings{discovering,
 author = {Lin, Shian-Hua and Ho, Jan-Ming},
 title = {Discovering informative content blocks from Web documents},
 booktitle = {Proceedings of the eighth ACM SIGKDD international conference on Knowledge discovery and data mining},
 series = {KDD '02},
 year = {2002},
 isbn = {1-58113-567-X},
 location = {Edmonton, Alberta, Canada},
 pages = {588--593},
 numpages = {6},
 url = {http://citeseerx.ist.psu.edu/viewdoc/download?doi=10.1.1.18.7133&rep=rep1&type=pdf},
 acmid = {775134},
 publisher = {ACM},
 address = {New York, NY, USA},
 keywords = {entropy, information extraction, information retrieval, informative content discovery},
} 

@techreport{clustering,
    author = {Andrews, Nicholas O. and Fox, Edward A.},
    title = {{Recent Developments in Document Clustering}},
    url = {http://eprints.cs.vt.edu/archive/00001000/01/docclust.pdf},
publisher = {Department of Computer Science, Virginia Tech},
year = {2007},
address={Blacksburg, VA, USA}
}

@ARTICLE{lsi,
    author = {Scott Deerwester and Susan T. Dumais and George W. Furnas and Thomas K. Landauer and Richard Harshman},
    title = {Indexing by latent semantic analysis},
    journal = {Journal of the American Society of Information Science},
    year = {1990},
    volume = {41},
    number = {6},
    pages = {391--407},
    publisher = {John Wiley \& Sons, Inc.},
 	address = {New York, NY, USA},
 	url = {http://citeseerx.ist.psu.edu/viewdoc/download?doi=10.1.1.62.1152&rep=rep1&type=pdf}
 	
}

@article{lda,
  
    author = {Blei, David M. and Ng, Andrew Y. and Jordan, Michael I.},
    journal = {Journal of Machine Learning Research},
    keywords = {allocation, dirichlet, document, latent, lda, modelling, text},
    month = jan,
    pages = {993--1022},
    title = {Latent Dirichlet Allocation},
    volume = {3},
    year = {2003},
  PUBLISHER = {MIT Press},
address = {Cambridge, MA, USA},
url={http://citeseerx.ist.psu.edu/viewdoc/download?doi=10.1.1.80.7000&rep=rep1&type=pdf}

}

@inproceedings{rehurek,
        title = {{Software Framework for Topic Modelling with Large Corpora}},
        author = {Radim {\v R}eh{\r u}{\v r}ek and Petr Sojka},
        booktitle = {{Proceedings of the LREC 2010 Workshop on New
             Challenges for NLP Frameworks}},
        pages = {45--50},
        year = 2010,
        month = May,
        day = 22,
        publisher = {ELRA},
        address = {Valletta, Malta},
        note={\url{http://is.muni.cz/publication/884893/en}},
        language={English}
}


@book{nist,
    author={NIST/SEMATECH},
    year = 2010,

    title = {{NIST/SEMATECH e-Handbook of Statistical Methods}},
    url = {http://www.itl.nist.gov/div898/handbook/},
}

